@misc{art:whatsappnocosts,
  author = {Philipp Vetter},
  title = {{W}hats{A}pp wieder kostenlos – {N}eues {G}eschäftsmodell?},
  howpublished = "\url{http://www.welt.de/wirtschaft/webwelt/article151132378/WhatsApp-wieder-kostenlos-Neues-Geschaeftsmodell.html}",
  year = {18.01.2016}, 
  note = "[Online; zugegriffen am 04.02.2016]"
}
@misc{art:swengineering1,
  author = {Hans-Jürgen Herpel},
  title = "Software Engineering Teil 2: Project Management",
  howpublished = "Vorlesungsskript DHBW",
  year = {2015}
}
@misc{art:swengineering2,
	author = {Hans-Xaver Herpel},
	title = "Software Engineering Teil 3: Project Management",
	howpublished = "Vorlesungsskript DHBW",
	year = {2013}
}
@misc{art:swengineering3,
	author = {Fritz-Jürgen Herpel},
	title = "Software Engineering Teil 1: Project Management",
	howpublished = "Vorlesungsskript DHBW",
	year = {2011}
}
@misc{art:whatsappnocosts2,
	author = {Günther Vetter},
	title = {{W}hats{A}pp wieder kostenlos – {N}eues {G}eschäftsmodell?},
	howpublished = "\url{http://www.welt.de/wirtschaft/webwelt/article151132378/WhatsApp-wieder-kostenlos-Neues-Geschaeftsmodell.html}",
	year = {18.01.2016}, 
	note = "[Online; zugegriffen am 04.02.2016]"
}